@article {Lan50a,
    AUTHOR = {Nur, M. and Byerlee, J.D.},
     TITLE = {An Exact Effective Stress Law for Elastic Deformation
of Rock with Fluids},
   JOURNAL = {J. Research Nat. Bur. Standards},
  FJOURNAL = {Journal of Geophysical Research},
    VOLUME = {76},
      YEAR = {1971},
     PAGES = {6414--6419},
}

@book{book,
  author    = {Smith, I.M. and Griffiths, D.V.}, 
  title     = {Programming the Finite Element Method},
  publisher = {John Wiley \& Sons Ltd.},
  year      = 1988,
  edition   = 2,
  isbn      = {0 471 91552 1}
}

@book{CompGeomec,
  author    = {Verruijt, A.}, 
  title     = {Computational Geomechanics},
  publisher = {John Wiley \& Sons Ltd.},
  year      = 1988,
  edition   = 2,
  isbn      = {0 471 91552 1}
}

@book{ResGeomec,
  author    = {Zoback, M.D.}, 
  title     = {Reservoir Geomechanics},
  publisher = {Cambridge University Press},
  year      = 2010,
  edition   = 1,
  isbn      = {978-0-521-14619-7}
}

@book{FiniteElem,
  author    = {Gockenbach, M. S. }, 
  title     = {Understanding And Implementing the Finite Element Method},
  publisher = {Society for Industrial and Applied Mathematics},
  year      = 2006,
  edition   = 1,
  isbn      = {0-89871-614-4}
}


@book{solverlinear,
  author    = {Saad, Y.}, 
  title     = {Iterative Methods for Sparse Linear Systems},
  publisher = {Society for Industrial and Applied Mathematics},
  year      = 2003,
  edition   = 2,
  isbn      = {0898715342}
}




